@misc{lapackweb,
  title = {{LAPACK â€” Linear Algebra PACKage}},
  month = {Nov.},
  year = {2013},
  note = {[Online; accessed Feb. 19, 2015]},
  howpublished={\url{http://www.netlib.org/lapack}}
}

@misc{matlab2000,
  author = {{Cleve Moler}},
  title = {{MATLAB Incorporates LAPACK}},
  year = {2000},
  note = {[Online; accessed Feb. 20, 2015]},
  howpublished={\url{http://www.mathworks.com/company/newsletters/articles/matlab-incorporates-lapack.html}}
}

% PYTHON GIL
@inproceedings{beazley2010understanding,
  title={Understanding the python gil},
  author={Beazley, David},
  booktitle={PyCON Python Conference. Atlanta, Georgia},
  year={2010}
}

@article{note2002reducing,
  title={On reducing TLB misses in matrix multiplication},
  author={Note, FLAME Working and Goto, Kazushige and van de Geijn, Robert},
  year={2002}
}

% STRASSEN ALGORITHM
@inproceedings{huss1996implementation,
  title={Implementation of Strassen's algorithm for matrix multiplication},
  author={Huss-Lederman, Steven and Jacobson, Elaine M and Johnson, Jeremy R and Tsao, Anna and Turnbull, Thomas},
  booktitle={Supercomputing, 1996. Proceedings of the 1996 ACM/IEEE Conference on},
  pages={32--32},
  year={1996},
  organization={IEEE}
}

% COPPERSMITH WINOGRAD
@inproceedings{coppersmith1987matrix,
  title={Matrix multiplication via arithmetic progressions},
  author={Coppersmith, Don and Winograd, Shmuel},
  booktitle={Proceedings of the nineteenth annual ACM symposium on Theory of computing},
  pages={1--6},
  year={1987},
  organization={ACM}
}

@inproceedings{fatahalian2004understanding,
  title={Understanding the efficiency of GPU algorithms for matrix-matrix multiplication},
  author={Fatahalian, Kayvon and Sugerman, Jeremy and Hanrahan, Pat},
  booktitle={Proceedings of the ACM SIGGRAPH/EUROGRAPHICS conference on Graphics hardware},
  pages={133--137},
  year={2004},
  organization={ACM}
}


% FAST MATRIX MUL.
@article{hackbusch1989fast,
  title={On the fast matrix multiplication in the boundary element method by panel clustering},
  author={Hackbusch, Wolfgang and Nowak, Zenon Paul},
  journal={Numerische Mathematik},
  volume={54},
  number={4},
  pages={463--491},
  year={1989},
  publisher={Springer}
}

% FAST APPROX MULT - MONTE CARLO
@article{drineas2006fastI,
  title={Fast Monte Carlo algorithms for matrices I: Approximating matrix multiplication},
  author={Drineas, Petros and Kannan, Ravi and Mahoney, Michael W},
  journal={SIAM Journal on Computing},
  volume={36},
  number={1},
  pages={132--157},
  year={2006},
  publisher={SIAM}
}

% FAST APPROX - MONTE CARLO
@article{drineas2006fastII,
  title={Fast Monte Carlo algorithms for matrices II: Computing a low-rank approximation to a matrix},
  author={Drineas, Petros and Kannan, Ravi and Mahoney, Michael W},
  journal={SIAM Journal on Computing},
  volume={36},
  number={1},
  pages={158--183},
  year={2006},
  publisher={SIAM}
}

% FAST APPROX - MONTE CARLO
@article{drineas2006fastIII,
  title={Fast Monte Carlo algorithms for matrices III: Computing a compressed approximate matrix decomposition},
  author={Drineas, Petros and Kannan, Ravi and Mahoney, Michael W},
  journal={SIAM Journal on Computing},
  volume={36},
  number={1},
  pages={184--206},
  year={2006},
  publisher={SIAM}
}

% FAST APPROX MULT
@inproceedings{sarlos2006improved,
  title={Improved approximation algorithms for large matrices via random projections},
  author={Sarlos, Tamas},
  booktitle={Foundations of Computer Science, 2006. FOCS'06. 47th Annual IEEE Symposium on},
  pages={143--152},
  year={2006},
  organization={IEEE}
}

% FAST APPROX MULT - MONTE CARLO
@inproceedings{drineas2001fast,
  title={Fast Monte-Carlo algorithms for approximate matrix multiplication},
  author={Drineas, Petros and Kannan, Ravi},
  booktitle={2013 IEEE 54th Annual Symposium on Foundations of Computer Science},
  pages={452--452},
  year={2001},
  organization={IEEE Computer Society}
}


% LAPACK
@inproceedings{anderson1990lapack,
  title={LAPACK: A portable linear algebra library for high-performance computers},
  author={Anderson, Edward and Bai, Zhaojun and Dongarra, Jack and Greenbaum, Anne and McKenney, Alan and Du Croz, Jeremy and Hammerling, Sven and Demmel, James and Bischof, C and Sorensen, Danny},
  booktitle={Proceedings of the 1990 ACM/IEEE conference on Supercomputing},
  pages={2--11},
  year={1990},
  organization={IEEE Computer Society Press}
}

% NUMPY
@article{van2011numpy,
  title={The NumPy array: a structure for efficient numerical computation},
  author={Van Der Walt, Stefan and Colbert, S Chris and Varoquaux, Gael},
  journal={Computing in Science \& Engineering},
  volume={13},
  number={2},
  pages={22--30},
  year={2011},
  publisher={AIP Publishing}
}

% GPU VERSION OF LAPACK
@inproceedings{humphrey2010cula,
  title={CULA: hybrid GPU accelerated linear algebra routines},
  author={Humphrey, John R and Price, Daniel K and Spagnoli, Kyle E and Paolini, Aaron L and Kelmelis, Eric J},
  booktitle={SPIE Defense, Security, and Sensing},
  pages={770502--770502},
  year={2010},
  organization={International Society for Optics and Photonics}
}



% GA / GP
@article{Nowostawski1999,
    author = {Nowostawski, M. and Poli, R.},
    doi = {10.1109/KES.1999.820127},
    file = {:home/joseph/Documents/school/first\_semester/Concurrency/project/research/Parallel Genetic Algorithm Taxonomy.pdf:pdf},
    isbn = {0-7803-5578-4},
    journal = {1999 Third International Conference on Knowledge-Based Intelligent Information Engineering Systems. Proceedings (Cat. No.99TH8410)},
    mendeley-groups = {GA\_Research},
    pages = {88--92},
    publisher = {Ieee},
    title = {{Parallel genetic algorithm taxonomy}},
    url = {http://ieeexplore.ieee.org/lpdocs/epic03/wrapper.htm?arnumber=820127},
    year = {1999}
}

@inproceedings{de1989using,
    author = {De Jong, Kenneth A. and Spears, William M.},
    title = {Using Genetic Algorithms to Solve NP-complete Problems},
    booktitle = {Proceedings of the Third International Conference on Genetic Algorithms},
    year = {1989},
    isbn = {1-55860-006-3},
    location = {George Mason University, USA},
    pages = {124--132},
    numpages = {9},
    url = {http://dl.acm.org/citation.cfm?id=93126.93172},
    acmid = {93172},
    publisher = {Morgan Kaufmann Publishers Inc.},
    address = {San Francisco, CA, USA},
}

@article{wolpert1997no,
  title={No free lunch theorems for optimization},
  author={Wolpert, David H and Macready, William G},
  journal={Evolutionary Computation, IEEE Transactions on},
  volume={1},
  number={1},
  pages={67--82},
  year={1997},
  publisher={IEEE}
}
